@article{zyda05,
 author		= "Micheal Zyda",
 title		= "From Visual Simulation to Virtual Reality",
 journal	= "Computer",
 volume		= "38",
 month		= "september",
 year		= "2005",
}

@article{bailey14,
	author 	= "Lisa Avila, Mike Bailey",
	title	= "Virtual Reality for the Masses",
 	journal	= "IEEE Computer Graphics and Applications",
 	month	= "september",
 	year	= "2014",
}

@inproceedings{boas13,
  title={Overview of virtual reality technologies},
  author={Boas, Yuri Antonio Gonçalves Vilas},
  booktitle={Interactive Multimedia Conference 2013},
}

@article{hoffman14,
  title={Feasibility of Articulated Arm Mounted Oculus Rift Virtual Reality Goggles for Adjunctive Pain Control During Occupational Therapy in Pediatric Burn Patients},
  author={Hoffman, Hunter G and Meyer III, Walter J and Ramirez, Maribel and Roberts, Linda and Seibel, Eric J and Atzori, Barbara and Sharar, Sam R and Patterson, David R},
  journal={Cyberpsychology, Behavior, and Social Networking},
  volume={17},
  number={6},
  pages={397--401},
  year={2014},
  publisher={Mary Ann Liebert, Inc. 140 Huguenot Street, 3rd Floor New Rochelle, NY 10801 USA}
}

@article{bastiaens14,
  title={New landscapes and new eyes: The role of virtual world design for supply chain education},
  author={Bastiaens, T and Wood, Lincoln C and Reiners, Torsten},
  journal={Ubiquitous Learning: An International Journal},
  year={2014}
}

@misc{seppanen14,
  title={Unwanted side effects of immersive virtual reality using head-mounted displays},
  author={Sepp{\"a}nen, Tuomas},
  journal={2014-04-01]. http://www. ee. oulu. fi/-vassilis/courses/resmeth/2013\_ex1\_sample/2013. sep-panen. pdf}
}

@inproceedings{blaha2014diplopia,
  title={Diplopia: A virtual reality game designed to help amblyopics},
  author={Blaha, James and Gupta, Manish},
  booktitle={Virtual Reality (VR), 2014 iEEE},
  pages={163--164},
  year={2014},
  organization={IEEE}
}

@inproceedings{hagiwara2014cloud,
  title={Cloud VR system with immersive interfaces to collect human gaze-controls and interpersonal-behaviors},
  author={Hagiwara, Yoshinobu and Mizuchi, Yoshiaki and Choi, Yongwoon and Inamura, Tetsunari},
  booktitle={System Integration (SII), 2014 IEEE/SICE International Symposium on},
  pages={169--174},
  year={2014},
  organization={IEEE}
}

@article{ruddle13,
  title={Learning to Walk in Virtual Reality},
  author={Roy A. Ruddle, Ekaterina Volkova, Heinrich H. Bülthoff},
  journal={ACM Transactions on Applied Percecption},
  volume={10},
  number={2},
  article={11},
  month={may},
  year={2013},
}
  	
@article{satava02,
  title={Virtual Reality Training Improves Operating Room Performance},
  author={Neal E. Seymour, MD,* Anthony G. Gallagher, PhD,† Sanziana A. Roman, MD,* Michael K. O’Brien, MD,* Vipin K. Bansal, MD,* Dana K. Andersen, MD,* and Richard M. Satava, MD*},
  journal={Annals of Surgery},
  volume={236},
  number={4},
  year={2002},
}

@article{minsky1980telepresence,
  title={Telepresence},
  author={Minsky, Marvin},
  year={1980}
}

@inproceedings{Brown:2004:GIG:985921.986048,
 author = {Brown, Emily and Cairns, Paul},
 title = {A Grounded Investigation of Game Immersion},
 booktitle = {CHI '04 Extended Abstracts on Human Factors in Computing Systems},
 series = {CHI EA '04},
 year = {2004},
 isbn = {1-58113-703-6},
 location = {Vienna, Austria},
 pages = {1297--1300},
 numpages = {4},
 url = {http://doi.acm.org/10.1145/985921.986048},
 doi = {10.1145/985921.986048},
 acmid = {986048},
 publisher = {ACM},
 address = {New York, NY, USA},
 keywords = {barrier, engagement, engrossment, flow, games, immersion}
} 

@inproceedings{Patrick:2000:ULP:332040.332479,
 author = {Patrick, Emilee and Cosgrove, Dennis and Slavkovic, Aleksandra and Rode, Jennifer A. and Verratti, Thom and Chiselko, Greg},
 title = {Using a Large Projection Screen As an Alternative to Head-mounted Displays for Virtual Environments},
 booktitle = {Proceedings of the SIGCHI Conference on Human Factors in Computing Systems},
 series = {CHI '00},
 year = {2000},
 isbn = {1-58113-216-6},
 location = {The Hague, The Netherlands},
 pages = {478--485},
 numpages = {8},
 url = {http://doi.acm.org/10.1145/332040.332479},
 doi = {10.1145/332040.332479},
 acmid = {332479},
 publisher = {ACM},
 address = {New York, NY, USA},
 keywords = {cognitive map, experiment, field of view, head-mounted display, monitor, projection screen, spatial knowledge, virtual reality}
} 

@article{yao2014oculus,
  title={Oculus VR Best Practices Guide},
  author={Yao, Richard and Heath, Tom and Davies, Aaron and Forsyth, Tom and Mitchell, Nate and Hoberman, Perry},
  journal={Oculus VR},
  year={2014}
}

@article{goradia2014review,
  title={A Review Paper on Oculus Rift \& Project Morpheus},
  author={Goradia, Ishan and Doshi, Jheel and Kurup, Lakshmi},
  year={2014}
}

@article{lorenzini2013serious,
  title={Serious games for disseminating the knowledge of ancient manuscripts: a case study},
  author={Lorenzini, Cristian and Carozzino, Marcello and Evangelista, Chiara and Tecchia, Franco and Bergamasco, Massimo and Angeletaki, Alexandra},
  journal={SCIRES-IT},
  volume={3},
  number={2},
  pages={135--142},
  year={2013}
}

@article{moshell1993three,
  title={Three views of virtual reality: virtual environments in the US military},
  author={Moshell, Michael},
  journal={Computer},
  volume={26},
  number={2},
  pages={81--82},
  year={1993},
  publisher={IEEE}
}

@article{mosaker2001visualising,
  title={Visualising historical knowledge using virtual reality technology},
  author={Mosaker, Lidunn},
  journal={Digital Creativity},
  volume={12},
  number={1},
  pages={15--25},
  year={2001},
  publisher={Taylor \& Francis}
}



  	\bibitem{leck13}
  	Kathy Leck:
  	\emph{Giving Students Real-World Experience via Virtual-Reality Learning },
  	Published in eLearn Magazine,
  	May 2013, \\
  	\hyperlink{http://elearnmag.acm.org/archive.cfm?aid=2484903}
  	

	\bibitem{beltran13}
  	Marta Beltrán:
  	\emph{The Importance of the Avatar Gender in Training Simulators Based on Virtual Reality},
  	Published in ITiCSE,
  	July 2013
